<record><leader>00000cas a22000007a 4500</leader><controlfield tag="001">19572146</controlfield><controlfield tag="008">890419d18951897arudn ne      0    0eng d</controlfield><datafield ind1=" " ind2=" " tag="010"><subfield code="a">sn 89051155 </subfield></datafield><datafield ind1=" " ind2=" " tag="040"><subfield code="a">ANU</subfield><subfield code="b">eng</subfield><subfield code="c">ANU</subfield><subfield code="d">OCLCQ</subfield></datafield><datafield ind1=" " ind2=" " tag="042"><subfield code="a">msc</subfield></datafield><datafield ind1="0" ind2=" " tag="130"><subfield code="a">Daily commercial (Pine Bluff, Ark.)</subfield></datafield><datafield ind1="1" ind2="4" tag="245"><subfield code="a">The Daily commercial.</subfield></datafield><datafield ind1=" " ind2=" " tag="260"><subfield code="a">Pine Bluff, Ark. :</subfield><subfield code="b">Charles Gordon Newman</subfield></datafield><datafield ind1=" " ind2=" " tag="300"><subfield code="a">v.</subfield></datafield><datafield ind1=" " ind2=" " tag="310"><subfield code="a">Daily (except Sunday)</subfield></datafield><datafield ind1=" " ind2=" " tag="321"><subfield code="a">Daily</subfield></datafield><datafield ind1="0" ind2=" " tag="362"><subfield code="a">15th year, no. 270 (Nov. 22, 1895)-</subfield></datafield><datafield ind1="1" ind2=" " tag="362"><subfield code="a">Ceased with 17th year, no. 55 (Mar. 5, 1897)?</subfield></datafield><datafield ind1=" " ind2="4" tag="651"><subfield code="a">Pine Bluff (Ark.)</subfield><subfield code="v">Newspapers.</subfield></datafield><datafield ind1=" " ind2="4" tag="651"><subfield code="a">Jefferson County (Ark.)</subfield><subfield code="v">Newspapers.</subfield></datafield><datafield ind1=" " ind2=" " tag="752"><subfield code="a">United States</subfield><subfield code="b">Arkansas</subfield><subfield code="c">Jefferson</subfield><subfield code="d">Pine Bluff.</subfield></datafield><datafield ind1="0" ind2=" " tag="775"><subfield code="t">Pine Bluff weekly commercial</subfield><subfield code="w">(DLC)sn 89051157</subfield></datafield><datafield ind1="0" ind2="0" tag="780"><subfield code="t">Pine Bluff daily commercial (Pine Bluff, Ark : 1886)</subfield><subfield code="w">(DLC)sn 89051158</subfield></datafield><datafield ind1="0" ind2="0" tag="785"><subfield code="t">Pine Bluff daily commercial (Pine Bluff, Ark. : 1897)</subfield><subfield code="w">(DLC)sn 89051160</subfield></datafield><datafield ind1="1" ind2=" " tag="029"><subfield code="a">AU@</subfield><subfield code="b">000020565299</subfield></datafield></record>